<?xml version="1.0" encoding="UTF-8"?><collection xmlns="http://www.loc.gov/MARC21/slim"><record><leader>00345nam--2200133-i-4500</leader><controlfield tag="001">000002197</controlfield><controlfield tag="002">20161230</controlfield><controlfield tag="005">20161230201024</controlfield><controlfield tag="008">060222s1000------------r-----000-0-eng-d</controlfield><datafield ind1=" " ind2=" " tag="100"><subfield code="a">Alan, F. Clark</subfield></datafield><datafield ind1=" " ind2=" " tag="260"><subfield code="a">Filamentary A 15 Superconducting. Proceedings</subfield></datafield><datafield ind1=" " ind2=" " tag="490"><subfield code="a">Cryigenic Material </subfield></datafield><datafield ind1=" " ind2=" " tag="700"><subfield code="a">Masaki, Suenaga</subfield></datafield><datafield ind1=" " ind2=" " tag="852"><subfield code="a">537.112.62:538.945</subfield></datafield></record></collection>